%% This BibTeX bibliography file was created using BibDesk.
%% https://bibdesk.sourceforge.io/

%% Created for Ermenlace at 2022-05-06 00:27:50 -0700 


%% Saved with string encoding Unicode (UTF-8) 



@article{FabianDeFi,
	author = {Fabian Sch{\"a}r},
	date-added = {2022-05-06 00:25:47 -0700},
	date-modified = {2022-05-06 00:27:29 -0700},
	journal = {Federal Reserve Bank of St. Louis Review},
	pages = {73},
	title = {Decentralized Finance: On Blockchain - and Smart Contract-Based Financial Markets},
	volume = {153},
	year = {2021}}

@article{SzaboIdeaOf,
	author = {N. Szabo},
	date-added = {2022-05-06 00:24:07 -0700},
	date-modified = {2022-05-06 00:24:52 -0700},
	journal = {http://szabo.best.vwh.net/smart_contracts_idea.html},
	title = {The Idea of Smart Contracts}}

@article{SzaboSC,
	author = {N. Szabo},
	date-added = {2022-05-06 00:23:16 -0700},
	date-modified = {2022-05-06 00:25:01 -0700},
	journal = {http://szabo.best.vwh.net/smart.contracts.html},
	title = {Smart Contracts},
	year = {1994}}

@article{Loibl,
	author = {Loibl, C., Kraybill, D. S. and DeMay, S. W},
	date-added = {2022-05-04 22:51:57 -0700},
	date-modified = {2022-05-04 22:53:59 -0700},
	journal = {Journal of Economic Psychology},
	pages = {581-592},
	title = {Accounting for the role of habit in regular saving},
	volume = {32},
	year = {2011}}

@article{Alessie,
	author = {Alessie, R., Lusardi, A. & Aldershof, T},
	date-added = {2022-05-04 22:51:57 -0700},
	date-modified = {2022-05-04 23:25:29 -0700},
	journal = {Review of Income and Wealth},
	number = {1},
	pages = {1-32},
	title = {Income and wealth over the life cycle: Evidence from panel data},
	volume = {43},
	year = {1997}}

@article{Fiergbor,
	author = {Fiergbor, David},
	doi = {10.37256/ges.11202069.38-43},
	journal = {Global Economics Science},
	month = {02},
	pages = {38-43},
	title = {The Habit of Savings among College students},
	year = {2020},
	bdsk-url-1 = {https://doi.org/10.37256/ges.11202069.38-43}}

@article{deVries,
	author = {de Vries, Alex and Gallersd{\"o}rfer, Ulrich and Klaa{\ss}en, Lena and Stoll, Christian},
	doi = {10.1016/j.joule.2022.02.005},
	journal = {Joule},
	month = {02},
	title = {Revisiting Bitcoin's carbon footprint},
	year = {2022},
	bdsk-url-1 = {https://doi.org/10.1016/j.joule.2022.02.005}}
