%% This BibTeX bibliography file was created using BibDesk.
%% https://bibdesk.sourceforge.io/

%% Created for Ermenlace at 2022-05-06 12:14:20 -0700 


%% Saved with string encoding Unicode (UTF-8) 



@article{Cheung,
	author = {Adrian (Wai-Kong) Cheung},
	date-added = {2022-05-06 12:13:16 -0700},
	date-modified = {2022-05-06 12:14:15 -0700},
	journal = {Applied Economics},
	month = {Feburary},
	number = {23},
	pages = {1238-1258},
	title = {Crypto-currency bubbles: an application of the Phillips--Shi--Yu (2013) methodology on Mt. Gox bitcoin prices},
	volume = {47},
	year = {2015}}

@article{Fletcher,
	author = {Emily Fletcher},
	date-added = {2022-05-06 12:08:33 -0700},
	date-modified = {2022-05-06 12:09:21 -0700},
	journal = {Research in International Business and Finance},
	month = {April},
	number = {101387},
	title = {Countering money laundering and terrorist financing: A case for bitcoin regulation},
	volume = {56},
	year = {2021}}

@article{Eth,
	date-added = {2022-05-06 11:59:03 -0700},
	date-modified = {2022-05-06 11:59:08 -0700}}

@article{Buccafurri,
	author = {Francesco Buccafurri, G. Lax, L. Musarella, A. Russo},
	date-added = {2022-05-06 11:48:08 -0700},
	date-modified = {2022-05-06 11:49:27 -0700},
	journal = {Digital Communications and Networks},
	month = {December},
	title = {An Ethereum-based solution for energy trading in smart grids},
	year = {2021}}

@article{LaurentEth,
	author = {Arnaud Laurent, L. Brotcorne, B. Fortz},
	date-added = {2022-05-06 11:46:31 -0700},
	date-modified = {2022-05-06 11:47:44 -0700},
	journal = {Blockchain: Research and Applications},
	month = {March},
	title = {Transactions fees optimization in the Ethereum blockchain},
	year = {2022}}

@article{Bariviera,
	author = {Aurelio F. Bariviera},
	date-added = {2022-05-06 11:35:21 -0700},
	date-modified = {2022-05-06 11:36:32 -0700},
	journal = {Economics Letters},
	month = {December},
	pages = {1-4},
	title = {The inefficiency of Bitcoin revisited: A dynamic approach},
	volume = {161},
	year = {2017}}

@article{FabianDeFi,
	author = {Fabian Sch{\"a}r},
	date-added = {2022-05-06 00:25:47 -0700},
	date-modified = {2022-05-06 00:27:29 -0700},
	journal = {Federal Reserve Bank of St. Louis Review},
	pages = {73},
	title = {Decentralized Finance: On Blockchain - and Smart Contract-Based Financial Markets},
	volume = {153},
	year = {2021}}

@article{SzaboIdeaOf,
	author = {N. Szabo},
	date-added = {2022-05-06 00:24:07 -0700},
	date-modified = {2022-05-06 00:24:52 -0700},
	journal = {http://szabo.best.vwh.net/smart_contracts_idea.html},
	title = {The Idea of Smart Contracts}}

@article{SzaboSC,
	author = {N. Szabo},
	date-added = {2022-05-06 00:23:16 -0700},
	date-modified = {2022-05-06 00:25:01 -0700},
	journal = {http://szabo.best.vwh.net/smart.contracts.html},
	title = {Smart Contracts},
	year = {1994}}

@article{Loibl,
	author = {Loibl, C., Kraybill, D. S. and DeMay, S. W},
	date-added = {2022-05-04 22:51:57 -0700},
	date-modified = {2022-05-04 22:53:59 -0700},
	journal = {Journal of Economic Psychology},
	pages = {581-592},
	title = {Accounting for the role of habit in regular saving},
	volume = {32},
	year = {2011}}

@article{Alessie,
	author = {Alessie, R., Lusardi, A. & Aldershof, T},
	date-added = {2022-05-04 22:51:57 -0700},
	date-modified = {2022-05-04 23:25:29 -0700},
	journal = {Review of Income and Wealth},
	number = {1},
	pages = {1-32},
	title = {Income and wealth over the life cycle: Evidence from panel data},
	volume = {43},
	year = {1997}}

@article{Fiergbor,
	author = {Fiergbor, David},
	doi = {10.37256/ges.11202069.38-43},
	journal = {Global Economics Science},
	month = {02},
	pages = {38-43},
	title = {The Habit of Savings among College students},
	year = {2020},
	bdsk-url-1 = {https://doi.org/10.37256/ges.11202069.38-43}}

@article{deVries,
	author = {de Vries, Alex and Gallersd{\"o}rfer, Ulrich and Klaa{\ss}en, Lena and Stoll, Christian},
	doi = {10.1016/j.joule.2022.02.005},
	journal = {Joule},
	month = {02},
	title = {Revisiting Bitcoin's carbon footprint},
	year = {2022},
	bdsk-url-1 = {https://doi.org/10.1016/j.joule.2022.02.005}}

@article{Tully,
	author = {Tully, Shawn},
	date-modified = {2022-05-06 11:26:05 -0700},
	journal = {Fortune},
	month = {Aug},
	publisher = {Fortune},
	title = {If Bitcoin Hits 500,000, its CO2 Output Will eclipse Brazil's},
	url = {https://fortune.com/2021/08/16/bitcoin-500k-carbon-footprint-co2-mexico-brazil/},
	year = {2021},
	bdsk-url-1 = {https://fortune.com/2021/08/16/bitcoin-500k-carbon-footprint-co2-mexico-brazil/}}

@article{DownToEarth,
	journal = {Down To Earth},
	title = {As cryptocurrency becomes mainstream, its carbon footprint can't be ignored},
	url = {https://www.downtoearth.org.in/blog/environment/as-cryptocurrency-becomes-mainstream-its-		carbon-footprint-can-t-be-ignored-81118},
	bdsk-url-1 = {https://www.downtoearth.org.in/blog/environment/as-cryptocurrency-becomes-mainstream-its-0909carbon-footprint-can-t-be-ignored-81118}}

@article{Digiconomist2022,
	journal = {Digiconomist},
	month = {Apr},
	title = {Bitcoin Energy Consumption index},
	url = {https://digiconomist.net/bitcoin-energy-consumption},
	year = {2022},
	bdsk-url-1 = {https://digiconomist.net/bitcoin-energy-consumption}}

@article{Bartos,
	author = {Bartos, Jakub},
	date-modified = {2022-05-06 11:41:28 -0700},
	doi = {10.52950/ES.2015.4.2.002},
	journal = {International Journal of Economic Sciences},
	month = {Jan},
	pages = {10-23},
	title = {Does bitcoin follow the hypothesis of efficient market?},
	url = {https://www.eurrec.org/ijoes-article-189},
	volumn = {2},
	year = {2015},
	bdsk-url-1 = {https://www.eurrec.org/ijoes-article-189},
	bdsk-url-2 = {https://doi.org/10.52950/ES.2015.4.2.002}}
